%% This BibTeX bibliography file was created using BibDesk.
%% http://bibdesk.sourceforge.net/


%% Created for Shiu-Kai Chin at 2010-01-07 18:21:58 -0500 


%% Saved with string encoding Unicode (UTF-8) 



@inproceedings{Lipner82,
	Author = {Steven B. Lipner},
	Booktitle = {Proceedings of the 1982 IEEE Symposium on Privacy and Security},
	Date-Added = {2010-01-07 18:18:31 -0500},
	Date-Modified = {2010-01-07 18:21:58 -0500},
	Month = {April},
	Pages = {pp. 2--10},
	Title = {Non-Discretionary Controls for Commercial Applications},
	Year = {1982}}

@inproceedings{BN89,
	Author = {David F.C. Brewer and Michael J. Nash},
	Booktitle = {Proceedings of the 1989 IEEE Symposium on Security and Privacy},
	Date-Added = {2010-01-03 23:14:11 -0500},
	Date-Modified = {2010-01-03 23:21:50 -0500},
	Month = {May},
	Pages = {pp. 206--214},
	Title = {The {C}hinese Wall Security Policy},
	Year = {1989}}

@article{rbac-sandhu,
	Author = {Ravi S. Sandhu and Edward J. Coyne and Hal L. Feinstein and Charles E. Youman},
	Date-Added = {2009-12-29 18:21:39 -0500},
	Date-Modified = {2009-12-29 18:23:40 -0500},
	Journal = {IEEE Computer},
	Month = {February},
	Number = {2},
	Pages = {38-47},
	Title = {Role-Based Access Control Models},
	Volume = {29},
	Year = {1996}}

@phdthesis{tan-thesis,
	Author = {Thumrongsak Kosiyatrakul},
	Date-Added = {2009-11-29 17:34:28 -0500},
	Date-Modified = {2009-11-29 17:35:16 -0500},
	Month = {January},
	School = {Syracuse University},
	Title = {A Modal Logic for Role-Based Access Control within the Higher-Order Logic (HOL) Theorem Prover},
	Year = {2010}}

@misc{kerberos-four-scenes,
	Author = {Bill Bryant},
	Date-Added = {2008-04-16 18:50:54 -0400},
	Date-Modified = {2008-04-16 18:55:16 -0400},
	Howpublished = {(Afterword by Theodore Ts'o, 1997)},
	Title = {Designing an Authentication System: a Dialogue in Four Scenes},
	Url = {http://web.mit.edu/kerberos/www/dialogue.html},
	Year = {1988},
	Bdsk-Url-1 = {http://web.mit.edu/kerberos/www/dialogue.html}}

@inbook{kerberos-evolution,
	Author = {John T. Kohl and B. Clifford Neuman and Theodore Y. T'so},
	Date-Added = {2008-04-16 18:48:39 -0400},
	Date-Modified = {2008-04-16 18:50:10 -0400},
	Editor = {Frances M. T. Brazier and D. Johansen},
	Pages = {78--94},
	Publisher = {IEEE Computer Society Press},
	Title = {The Evolution of the Kerberos Authentication System},
	Year = {1994}}

@misc{rfc4120,
	Author = {C. Neuman and T. Yu and S. Hartman and K. Raeburn},
	Howpublished = {RFC 4120 (Proposed Standard)},
	Month = jul,
	Note = {Updated by RFCs 4537, 5021},
	Number = {4120},
	Organisation = {Internet Engineering Task Force},
	Publisher = {IETF},
	Series = {Request for Comments},
	Title = {{The Kerberos Network Authentication Service (V5)}},
	Url = {http://www.ietf.org/rfc/rfc4120.txt},
	Year = 2005,
	Bdsk-Url-1 = {http://www.ietf.org/rfc/rfc4120.txt}}

@book{bishop-text,
	Author = {Matt Bishop},
	Date-Added = {2007-08-29 16:54:08 -0400},
	Date-Modified = {2007-08-29 17:04:05 -0400},
	Publisher = {Addison-Wesley Professional},
	Title = {Computer Security: Art and Science},
	Year = {2003}}

@inproceedings{lampson,
	Author = {Butler Lampson},
	Booktitle = {Proceedings of the 5$^{th}$ Princeton Conference on Information Sciences and Systems},
	Date-Added = {2007-08-29 16:50:47 -0400},
	Date-Modified = {2007-08-29 16:53:52 -0400},
	Title = {Protection},
	Year = {1971}}

@book{hughes-cresswell,
	Address = {New York},
	Author = {G.E. Hughes and M.J. Cresswell},
	Publisher = {Routledge},
	Title = {A New Introduction to Modal Logic},
	Year = 1996}

@article{SS75,
	Author = {Jerome Saltzer and Michael Schroeder},
	Journal = {Proceedings {IEEE}},
	Optmonth = {September},
	Optnumber = {9},
	Optpages = {1278--1308},
	Optvolume = {63},
	Title = {The {P}rotection of {I}nformation in {C}omputer {S}ystems},
	Year = {1975}}

@book{DM:rosen,
	Author = {Kenneth H. Rosen},
	Edition = {5th},
	Publisher = {McGraw-Hill},
        Address = {New York},
	Title = {Discrete Mathematics and its Applications},
	Year = 2003}

@book{DM:ross-wright,
	Author = {Kenneth A. Ross and Charles R. Wright},
	Edition = {5th},
        Address = {New York},
	Publisher = {Prentice Hall},
	Title = {Discrete Mathematics},
	Year = 2002}

@book{Levy,
	Author = {Henry M. Levy},
	Publisher = {Digital Press Inc.},
	Title = {Capability-Based Computer Systems},
        Address = {Daytona Beach, FL},
	Year = {1984}}

@article{ABLP,
	Author = {Martin Abadi and Michael Burrows and Butler Lampson and Gordon Plotkin},
	Journal = {ACM Transactions on Programming Languages and Systems},
	Month = {September},
	Number = {4},
	Pages = {706--734},
	Title = {A Calculus for Access Control in Distributed Systems},
	Volume = {15},
	Year = {1993}}

@article{LABW,
	Author = {Butler Lampson and Martin Abadi and Michael Burrows and Edward Wobber},
	Journal = {ACM Transactions on Computer Systems},
	Month = {November},
	Number = {4},
	Pages = {265--310},
	Title = {Authentication in Distributed Systems: Theory and Practice},
	Volume = {10},
	Year = {1992}}

@techreport{SPKI,
	Address = {Hanover, NH 03755-3510},
	Author = {John Howell and David Kotz},
	Institution = {Department of Computer Science, Dartmouth College},
	Month = {March},
	Number = {TR2000-363},
	Title = {A {F}ormal {S}emantics for {SPKI}},
	Url = {citeseer.ist.psu.edu/article/howell00formal.html},
	Year = {2000},
	Bdsk-Url-1 = {citeseer.ist.psu.edu/article/howell00formal.html}}

@book{Stallings,
	Author = {William Stallings},
	Edition = {3rd},
	Publisher = {Prentice Hall},
        Address = {New York},
	Title = {Cryptography and Network Security Principles and Practices},
	Year = {2003}}

@book{Pfleeger,
	Author = {Charles P. Pfleeger and Shari Lawrence Pfleeger},
	Edition = {3rd},
	Publisher = {Prentice Hall},
	Title = {Security in Computing},
	Year = {2003}}

@book{Handbook,
	Author = {Alfred J. Menezes and Paul C. van Oorschot and Scott A. Vanstone},
	Publisher = {CRC Press},
	Title = {Handbook of Applied Cryptography},
        Address = {Boca Raton, FL},
	Year = {1997}}

@manual{SmartCard,
	Address = {191 Clarksville Rd., Princeton Junction, NJ 08550},
	Month = {October},
	Note = {www.smartcardalliance.org},
	Organization = {Smart Card Alliance},
	Title = {Logical Access Security: The Role of Smart Cards in Strong Authentication},
	Year = {2004}}

@article{RSA,
	Author = {R. L. Rivest and A. Shamir and L.M. Adelman},
	Journal = {Communications of the ACM},
	Pages = {120--126},
	Title = {A method for obtaining digital signatures and public-key cryptosystems},
	Volume = {21},
	Year = {1978}}

@misc{AES,
	Author = {{National Institute of Standards and Technology}},
	Howpublished = {FIPS Publication 197},
	Month = {November},
	Title = {Advanced Encryption Standard},
	Year = 2001}

@article{PG74,
	Author = {Gerald J. Popek and Robert P. Goldberg},
	Journal = {Communications of the ACM},
	Month = {July},
	Number = {7},
	Pages = {412--421},
	Title = {Formal Requirements for Virtualizable Third Generation Architectures},
	Volume = {17},
	Year = {1974}}

@article{RG05,
	Author = {Mendel Rosenblum and Tal Garfinkel},
	Journal = {IEEE Computer},
	Month = {May},
	Pages = {39--47},
	Title = {Virtual Machine Monitors: Current Technology and Future Trends},
	Year = {2005}}

@article{BCD72,
	Author = {A. Bensoussan and C. T. Clingen and R. C. Daley},
	Journal = {Communications of the ACM},
	Month = {May},
	Number = {5},
	Pages = {308--318},
	Title = {The {M}ultics Virtual Memory: Concepts and Design},
	Volume = {15},
	Year = {1972}}

@article{SS72,
	Author = {Michael D. Schroeder and Jerome H. Saltzer},
	Journal = {Communications of the ACM},
	Month = {March},
	Number = {3},
	Pages = {157--170},
	Title = {A Hardware Architecture for Implementing Protection Rings},
	Volume = {15},
	Year = {1972}}

@article{DD68,
	Author = {Robert C. Daley and Jack B. Dennis},
	Journal = {Communications of the ACM},
	Month = {May},
	Number = {5},
	Pages = {306--312},
	Title = {Virtual Memory, Processes, and Sharing 
                 in {M}{U}{L}{T}{I}{C}{S}},
	Volume = {11},
	Year = {1968}}

@article{FSG01,
	Author = {David F. Ferraiolo and Ravi S. Sandhu and Serban I. Gavrila and D. Richard Kuhn and Ramaswamy Chandramouli},
	Journal = {ACM Transaction on Information and System Security},
	Month = {August},
	Number = {3},
	Pages = {224--274},
	Title = {Proposed {NIST} {S}tandard for {R}ole-{B}ased {A}ccess {C}ontrol},
	Url = {citeseer.ist.psu.edu/ferraiolo01proposed.html},
	Volume = {4},
	Year = {2001},
	Bdsk-Url-1 = {citeseer.ist.psu.edu/ferraiolo01proposed.html}}

@article{FBK01,
	Author = {David F. Ferraiolo and John F. Barkley and D. Richard Kuhn},
	Journal = {ACM Transactions on Information and System Security},
	Month = {February},
	Number = {1},
	Pages = {34--64},
	Title = {A {R}ole-{B}ased {A}ccess {C}ontrol {M}odel and {R}eference {I}mplementation {W}ithin a {C}orporate {I}ntranet},
	Url = {citeseer.ist.psu.edu/ferraiolo99role.html},
	Volume = {2},
	Year = {1999},
	Bdsk-Url-1 = {citeseer.ist.psu.edu/ferraiolo99role.html}}

@inproceedings{RBAC,
	Address = {Gaithersburg, MD},
	Author = {David Ferraiolo and Richard Kuhn},
	Booktitle = {15th {NIST}-{NCSC} National Computer Security Conference},
	Pages = {554--563},
	Title = {{R}ole-{B}ased {A}ccess {C}ontrol},
	Url = {citeseer.ist.psu.edu/ferraiolo92rolebased.html},
	Year = {1992},
	Bdsk-Url-1 = {citeseer.ist.psu.edu/ferraiolo92rolebased.html}}

@article{Transparency,
	Author = {Rebecca T. Mercuri},
	Journal = {Communications of the ACM},
	Month = {May},
	Number = 5,
	Pages = {15--19},
	Title = {Trusting in Transparency},
	Volume = 48,
	Year = 2005}

@article{Quality,
	Author = {Rebecca T. Mercuri},
	Journal = {Communications of the ACM},
	Month = {October},
	Number = 10,
	Pages = {11--14},
	Title = {Quality rather than Quantity},
	Volume = 45,
	Year = 2002}

@article{Uncommon,
	Author = {Rebecca T. Mercuri},
	Journal = {Communications of the ACM},
	Month = {January},
	Number = 1,
	Pages = 172,
	Title = {Uncommon Criteria},
	Volume = 45,
	Year = 2002}

@article{Obscurity,
	Author = {Peter G. Neumann and Rebecca T. Mercuri},
	Journal = {Communications of the ACM},
	Month = {November},
	Number = 11,
	Pages = 160,
	Title = {Security by Obscurity},
	Volume = 46,
	Year = 2003}

@misc{RFC4346,
	Author = {T. Dierks and E. Rescorla},
	Date-Modified = {2008-03-18 14:57:00 -0400},
	Howpublished = {RFC 4346 (Proposed Standard)},
	Month = {April},
	Number = {4346},
	Organisation = {Internet Engineering Task Force},
	Publisher = {IETF},
	Series = {Request for Comments},
	Title = {The Transport Layer Security ({TLS}) Protocol Version 1.1},
	Url = {http://www.ietf.org/rfc/rfc4120.txt},
	Year = {2006},
	Bdsk-Url-1 = {http://www.ietf.org/rfc/rfc4120.txt}}

@misc{RFC2104,
	Author = {H. Krawczyk and M. Bellare and R. Canetti},
	Month = {February},
	Title = {HMAC: Keyed-Hashing for Message Authentication},
	Year = {1997}}

@misc{SSL3,
	Author = {Alan Freier and Philip Karlton and Paul C. Kocher},
	Date-Modified = {2008-04-16 18:16:59 -0400},
	Howpublished = {IETF Internet Draft, Transport Layer Security Working Group},
	Month = {November},
	Title = {The {S}{S}{L} Protocol Version 3.0},
	Year = {1996}}

@booklet{retail,
	Author = {FFIEC},
	Date-Modified = {2008-03-28 17:17:08 -0400},
	Month = {March},
	Note = {Available at http://www.ffiec.gov/ under IT Booklets on the FFIEC IT Handbook InfoBase web page},
	Organization = {Federal Financial Institutions Examination Council},
	Title = {Retail Payment Systems Booklet: {IT} Examination Handbook},
	Year = 2004}

@manual{ACH,
	Address = {13665 Dulles Technology Drive, Suite 300, Herndon, VA 20171},
	Author = {{National Automated Clearing House Association}},
	Title = {2006 ACH Rules: A Complete Guide to Rules and Regulations Governing the ACH Network},
	Year = {2006}}

@book{Wakerly,
	Author = {John F. Wakerly},
	Publisher = {Prentice Hall},
        Address = {New York},
	Title = {Digital Design: Principles and Practices},
	Year = 2006}

@book{Comer,
	Author = {Douglas E. Comer},
	Publisher = {Prentice Hall},
        Address = {New York},
	Title = {Essentials of Computer Architecture},
	Year = {2005}}

@techreport{BL73,
	Address = {Bedford, MA},
	Author = {D. E. Bell and L. J. {La Padula}},
	Institution = {MITRE Corporation},
	Month = {March},
	Number = {Technical Report MTR-2547, Vol. I},
	Title = {Secure Computer Systems: Mathematical Foundations},
	Year = {1973}}

@techreport{BL75,
	Address = {Bedford, MA},
	Author = {D. E. Bell and L. J. {La Padula}},
	Institution = {MITRE Corporation},
	Month = {March},
	Number = {MTR-2997 Rev. 1},
	Title = {Secure Computer System: Unified Exposition and {M}ultics Interpretation},
	Year = {1975}}

@techreport{Biba77,
	Address = {Bedford, MA},
	Author = {K. Biba},
	Institution = {MITRE Corporation},
	Month = {June},
	Number = {MTR-3153},
	Title = {Integrity Considerations for Secure Computer Systems},
	Year = {1975}}

@techreport{WORB74,
	Address = {Cleveland, Ohio},
	Author = {J.P. Anderson and W.F. Ogden and W. C. Rounds and F.T. Bradshaw and S.R. Ames, Jr. and D.G. Shumway},
	Institution = {Case Western Reserve University},
	Month = {January},
	Number = {ESD--TR--74--117},
	Title = {Primitive Models for Computer Security},
	Year = {1974}}

@inproceedings{KOC05,
	Author = {Thumrongsak Kosiyatrakul and Susan Older and Shiu-Kai Chin},
	Bibsource = {DBLP, http://dblp.uni-trier.de},
	Booktitle = {MMM-ACNS},
	Crossref = {mmmacns2005},
	Ee = {http://dx.doi.org/10.1007/11560326_14},
	Pages = {179-193},
	Title = {A Modal Logic for Role-Based Access Control.},
	Year = 2005}

@proceedings{mmmacns2005,
	Bibsource = {DBLP, http://dblp.uni-trier.de},
	Booktitle = {MMM-ACNS},
	Editor = {Vladimir Gorodetsky and Igor V. Kotenko and Victor A. Skormin},
	Isbn = {3-540-29113-X},
	Publisher = {Springer},
	Series = {Lecture Notes in Computer Science},
	Title = {Computer Network Security, Third International Workshop on Mathematical Methods, Models, and Architectures for Computer Network Security, MMM-ACNS 2005, St. Petersburg, Russia, September 25-27, 2005, Proceedings},
	Volume = {3685},
	Year = {2005}}

@book{Organick72,
	Author = {Elliott Organick},
	Publisher = {MIT Press},
        Address = {Cambridge, MA},
	Title = {The {M}ultics System: An Examination of Its Structure},
	Year = {1972}}

@Book{ACST,
  author = 	 {Shiu-Kai Chin and Susan Older},
  title = 	 {Access Control, Security, and Trust: A Logical Approach},
  publisher = 	 {CRC Press},
  year = 	 2011,
  address = 	 {Boca Raton, FL}}

@Book{HOL,
  author = 	 {M.J.C. Gordon and T.F. Melham},
  title = 	 {Introduction to HOL: A theorem proving environment for higher order logic},
  publisher = 	 {Cambridge University Press},
  year = 	 1993}

@Manual{HOLTutorial,
  title = 	 {The HOL System Tutorial},
  note = 	 {Available at hol.sourceforge.net/documentation.html}
}


@Manual{HOLDescription,
  title = 	 {The HOL System Description},
  note = 	 {Available at hol.sourceforge.net/documentation.html}
}

@Manual{,
  title = 	 {},
  OPTkey = 	 {},
  OPTauthor = 	 {},
  OPTorganization = {},
  OPTaddress = 	 {},
  OPTedition = 	 {},
  OPTmonth = 	 {},
  OPTyear = 	 {},
  OPTnote = 	 {},
  OPTannote = 	 {}
}

