
@Book{ACST,
  author = 	 {Shiu-Kai Chin and Susan Older},
  title = 	 {Access Control, Security, and Trust: A Logical Approach},
  publisher = 	 {CRC Press},
  year = 	 2011}

@Book{HOL,
  author = 	 {M.J.C. Gordon and T.F. Melham},
  title = 	 {Introduction to HOL: A theorem proving environment for higher order logic},
  publisher = 	 {Cambridge University Press},
  year = 	 {1993},
  OPTkey = 	 {},
  OPTvolume = 	 {},
  OPTnumber = 	 {},
  OPTseries = 	 {},
  OPTaddress = 	 {},
  OPTedition = 	 {},
  OPTmonth = 	 {},
  OPTnote = 	 {},
  OPTannote = 	 {}
}



@Manual{HOLTutorial,
  title = 	 {The {HOL} System Tutorial},
  OPTkey = 	 {},
  OPTauthor = 	 {},
  OPTorganization = {},
  OPTaddress = 	 {},
  OPTedition = 	 {},
  OPTmonth = 	 {},
  OPTyear = 	 {},
  note = 	 {http://hol.sourceforge.net/documentation.html},
  OPTannote = 	 {}
}



@Manual{HOLDescription,
  title = 	 {The HOL System Description},
  OPTkey = 	 {},
  OPTauthor = 	 {},
  OPTorganization = {},
  OPTaddress = 	 {},
  OPTedition = 	 {},
  OPTmonth = 	 {},
  OPTyear = 	 {},
  note = 	 {http://hol.sourceforge.net/documentation.html},
  OPTannote = 	 {}
}

@Manual{HOLLogic,
  title = 	 {The HOL System Logic},
  OPTkey = 	 {},
  OPTauthor = 	 {},
  OPTorganization = {},
  OPTaddress = 	 {},
  OPTedition = 	 {},
  OPTmonth = 	 {},
  OPTyear = 	 {},
  note = 	 {http://hol.sourceforge.net/documentation.html},
  OPTannote = 	 {}
}

@Manual{HOLReference,
  title = 	 {The HOL System Reference},
  OPTkey = 	 {},
  OPTauthor = 	 {},
  OPTorganization = {},
  OPTaddress = 	 {},
  OPTedition = 	 {},
  OPTmonth = 	 {},
  OPTyear = 	 {},
  note = 	 {http://hol.sourceforge.net/documentation.html},
  OPTannote = 	 {}
}

@inproceedings{CMOV10,
	Author = {Shiu-Kai Chin and Sarah Muccio and Susan Older and
                  Thomas N. J. Vestal},
	Bibsource = {DBLP, http://dblp.uni-trier.de},
	Booktitle = {MMM-ACNS},
	Crossref = {mmmacns2010},
	Ee = {http://dx.doi.org/10.1007/11560326_14},
	Pages = {},
	Title = {Policy-Based Design and Verification for Mission Assurance},
	Year = 2010}

@proceedings{mmmacns2010,
	Bibsource = {DBLP, http://dblp.uni-trier.de},
	Booktitle = {MMM-ACNS},
	Editor = {Vladimir Gorodetsky and Igor V. Kotenko and Victor A. Skormin},
	Isbn = {},
	Publisher = {Springer},
	Series = {Lecture Notes in Computer Science},
	Title = {Computer Network Security, Fifth International Workshop on Mathematical Methods, Models, and Architectures for Computer Network Security, MMM-ACNS 2010, St. Petersburg, Russia, September 8--10, 2010, Proceedings},
	Volume = {},
	Year = {2010}}

@Booklet{JW10,
  title = 	 {ACE 2010 Cyber Officer Development: Operational Art
                  for the Cyber Warrior},
  author = 	 {Kamal T. Jabbour and Fred Wieners},
  howpublished = {Air Force Research Laboratory Information Directorate},
  address = 	 {Rome, New York},
  year = 	 2010,
  note = 	 {Advanced Course in Engineering (ACE) Cyber Security
                  Boot Camp}}



@InCollection{Strange,
  author = 	 {Joe Strange},
  title = 	 {Centers of Gravity and Critical Vulnerabilities:
                  Building on the Clausewitzian Foundation So That We
                  Can All Speak the Same Language},
  booktitle = 	 {Perspectives on Warfighting},
  publisher = {Marine Corps University Foundation},
  year = 	 1996,
  number = 	 4,
  edition = 	 2}

@Book{Hennessy,
  author = 	 {Matthew Hennessy},
  ALTeditor = 	 {},
  title = 	 {Semantics of Programming Languages},
  publisher = 	 {Wiley},
  year = 	 {1990},
  OPTkey = 	 {},
  OPTvolume = 	 {},
  OPTnumber = 	 {},
  OPTseries = 	 {},
  OPTaddress = 	 {},
  OPTedition = 	 {},
  OPTmonth = 	 {},
  note = 	 {out of print},
  OPTannote = 	 {}
}

@Book{KM09,
  author = 	 {MacGregor Knox and Williamson Murray},
  title = 	 {The Dynamics of Military Revolution, 1300--2050},
  publisher = 	 {Cambridge University Press},
  year = 	 {2009},
  OPTkey = 	 {},
  OPTvolume = 	 {},
  OPTnumber = 	 {},
  OPTseries = 	 {},
  OPTaddress = 	 {},
  OPTedition = 	 {},
  OPTmonth = 	 {},
  OPTnote = 	 {},
  OPTannote = 	 {}
}

@InProceedings{Mack75,
  author = 	 {Donald R. Mack},
  title = 	 {The General Electric Advanced Course in Engineering},
  booktitle = {Annual Conference},
  year = 	 1975,
  address = 	 {Colorado State University, Ft. Collins, CO},
  month = 	 {June 16--19,},
  organization = {American Society for Engineering Education}}

@Booklet{ACE-Writing-Guide,
  title = 	 {{ACE} {W}riting {G}uide},
  OPTkey = 	 {},
  author = 	 {Kamal Jabbour},
  OPThowpublished = {},
  OPTaddress = 	 {},
  month = 	 {November 22,},
  year = 	 {2010},
  OPTnote = 	 {},
  OPTannote = 	 {}
}

@inproceedings{DBLP:conf/mmmacns/ChinMOV10,
  author    = {Shiu-Kai Chin and
               Sarah Muccio and
               Susan Older and
               Thomas N. J. Vestal},
  title     = {Policy-Based Design and Verification for Mission Assurance},
  booktitle = {MMM-ACNS},
  year      = {2010},
  pages     = {125-138},
  ee        = {http://dx.doi.org/10.1007/978-3-642-14706-7_10},
  crossref  = {DBLP:conf/mmmacns/2010},
  bibsource = {DBLP, http://dblp.uni-trier.de}
}

@proceedings{DBLP:conf/mmmacns/2010,
  editor    = {Igor V. Kotenko and
               Victor A. Skormin},
  title     = {Computer Network Security, 5th International Conference
               on Mathematical Methods, Models and Architectures for Computer
               Network Security, MMM-ACNS 2010, St. Petersburg, Russia,
               September 8-10, 2010. Proceedings},
  booktitle = {MMM-ACNS},
  publisher = {Springer},
  series    = {Lecture Notes in Computer Science},
  volume    = {6258},
  year      = {2010},
  isbn      = {978-3-642-14705-0},
  ee        = {http://dx.doi.org/10.1007/978-3-642-14706-7},
  bibsource = {DBLP, http://dblp.uni-trier.de}
}

@techreport{BL73,
	Address = {Bedford, MA},
	Author = {D. E. Bell and L. J. {La Padula}},
	Institution = {MITRE Corporation},
	Month = {March},
	Number = {Technical Report MTR-2547, Vol. I},
	Title = {Secure Computer Systems: Mathematical Foundations},
	Year = {1973}}
@techreport{Biba77,
	Address = {Bedford, MA},
	Author = {K. Biba},
	Institution = {MITRE Corporation},
	Month = {June},
	Number = {MTR-3153},
	Title = {Integrity Considerations for Secure Computer Systems},
	Year = {1975}}

@Article{Plotkin04,
  author = 	 {Gordon D. Plotkin},
  title = 	 {A Structural Approach to Operational Semantics},
  journal = 	 {Logic \& Algebraic Programming},
  year = 	 {2004},
  OPTkey = 	 {},
  volume = 	 {60--61},
  OPTnumber = 	 {},
  pages = 	 {17--139},
  OPTmonth = 	 {},
  OPTnote = 	 {},
  OPTannote = 	 {}
}



@Book{Huttel10,
  author = 	 {Hans H\"uttel},
  ALTeditor = 	 {},
  title = 	 {Transitions and Trees: An Introduction to Structural Operational Semantics},
  publisher = 	 {Cambridge University Press},
  year = 	 {2010},
  OPTkey = 	 {},
  OPTvolume = 	 {},
  OPTnumber = 	 {},
  OPTseries = 	 {},
  OPTaddress = 	 {},
  OPTedition = 	 {},
  OPTmonth = 	 {},
  OPTnote = 	 {},
  OPTannote = 	 {}
}

@Book{ML,
  author = 	 {L.C. Paulson},
  title = 	 {ML for the Working Programmer},
  publisher = 	 {Cambridge University Press},
  year = 	 {1991, 1996}}

@Article{Gentry10,
  author = 	 {Craig Gentry},
  title = 	 {Computing Arbitrary Functions of Encrypted Data},
  journal = 	 {Communications of the ACM},
  year = 	 2010,
  volume = 	 53,
  number = 	 3,
  pages = 	 {97--105},
  month = 	 {March}}

@Manual{ACLHOL,
  title = 	 {An Access-Control Logic in HOL},
  author = 	 {Shiu-Kai Chin},
  organization = {Syracuse University},
  address = 	 {Syracuse, New York 13244}}

